@article{endo2008learning,
  title={Learning CPG-based biped locomotion with a policy gradient method: Application to a humanoid robot},
  author={Endo, Gen and Morimoto, Jun and Matsubara, Takamitsu and Nakanishi, Jun and Cheng, Gordon},
  journal={The International Journal of Robotics Research},
  volume={27},
  number={2},
  pages={213--228},
  year={2008},
  publisher={Sage Publications Sage UK: London, England}
}

@ARTICLE{2018arXiv180800177O,
   author = {{OpenAI} and {:} and {Andrychowicz}, M. and {Baker}, B. and 
	{Chociej}, M. and {Jozefowicz}, R. and {McGrew}, B. and {Pachocki}, J. and 
	{Petron}, A. and {Plappert}, M. and {Powell}, G. and {Ray}, A. and 
	{Schneider}, J. and {Sidor}, S. and {Tobin}, J. and {Welinder}, P. and 
	{Weng}, L. and {Zaremba}, W.},
    title = "{Learning Dexterous In-Hand Manipulation}",
  journal = {ArXiv e-prints},
archivePrefix = "arXiv",
   eprint = {1808.00177},
     year = 2018,
    month = aug
}

@article{tan2018sim,
  title={Sim-to-Real: Learning Agile Locomotion For Quadruped Robots},
  author={Tan, Jie and Zhang, Tingnan and Coumans, Erwin and Iscen, Atil and Bai, Yunfei and Hafner, Danijar and Bohez, Steven and Vanhoucke, Vincent},
  journal={arXiv preprint arXiv:1804.10332},
  year={2018}
}

@article{peng2017sim,
  title={Sim-to-real transfer of robotic control with dynamics randomization},
  author={Peng, Xue Bin and Andrychowicz, Marcin and Zaremba, Wojciech and Abbeel, Pieter},
  journal={arXiv preprint arXiv:1710.06537},
  year={2017}
}

@inproceedings{mordatch2015ensemble,
  title={Ensemble-CIO: Full-body dynamic motion planning that transfers to physical humanoids},
  author={Mordatch, Igor and Lowrey, Kendall and Todorov, Emanuel},
  booktitle={Intelligent Robots and Systems (IROS), 2015 IEEE/RSJ International Conference on},
  pages={5307--5314},
  year={2015},
  organization={IEEE}
}

@article{heess2017emergence,
  title={Emergence of locomotion behaviours in rich environments},
  author={Heess, Nicolas and Sriram, Srinivasan and Lemmon, Jay and Merel, Josh and Wayne, Greg and Tassa, Yuval and Erez, Tom and Wang, Ziyu and Eslami, Ali and Riedmiller, Martin and others},
  journal={arXiv preprint arXiv:1707.02286},
  year={2017}
}

@inproceedings{antonova2017deep,
  title={Deep Kernels for Optimizing Locomotion Controllers},
  author={Antonova, Rika and Rai, Akshara and Atkeson, Christopher G},
  booktitle={Conference on Robot Learning},
  pages={47--56},
  year={2017}
}

@article{silver2016mastering,
  title={Mastering the game of Go with deep neural networks and tree search},
  author={Silver, David and Huang, Aja and Maddison, Chris J and Guez, Arthur and Sifre, Laurent and Van Den Driessche, George and Schrittwieser, Julian and Antonoglou, Ioannis and Panneershelvam, Veda and Lanctot, Marc and others},
  journal={nature},
  volume={529},
  number={7587},
  pages={484},
  year={2016},
  publisher={Nature Publishing Group}
}

@article{mnih2013playing,
  title={Playing atari with deep reinforcement learning},
  author={Mnih, Volodymyr and Kavukcuoglu, Koray and Silver, David and Graves, Alex and Antonoglou, Ioannis and Wierstra, Daan and Riedmiller, Martin},
  journal={arXiv preprint arXiv:1312.5602},
  year={2013}
}

@article{lillicrap2015continuous,
  title={Continuous control with deep reinforcement learning},
  author={Lillicrap, Timothy P and Hunt, Jonathan J and Pritzel, Alexander and Heess, Nicolas and Erez, Tom and Tassa, Yuval and Silver, David and Wierstra, Daan},
  journal={arXiv preprint arXiv:1509.02971},
  year={2015}
}

@inproceedings{schulman2015trust,
  title={Trust region policy optimization},
  author={Schulman, John and Levine, Sergey and Abbeel, Pieter and Jordan, Michael and Moritz, Philipp},
  booktitle={International Conference on Machine Learning},
  pages={1889--1897},
  year={2015}
}

@inproceedings{todorov2012mujoco,
  title={Mujoco: A physics engine for model-based control},
  author={Todorov, Emanuel and Erez, Tom and Tassa, Yuval},
  booktitle={Intelligent Robots and Systems (IROS), 2012 IEEE/RSJ International Conference on},
  pages={5026--5033},
  year={2012},
  organization={IEEE}
}

@inproceedings{rajeswaran2017towards,
  title={Towards generalization and simplicity in continuous control},
  author={Rajeswaran, Aravind and Lowrey, Kendall and Todorov, Emanuel V and Kakade, Sham M},
  booktitle={Advances in Neural Information Processing Systems},
  pages={6550--6561},
  year={2017}
}

@article{rajeswaran2017learning,
  title={Learning complex dexterous manipulation with deep reinforcement learning and demonstrations},
  author={Rajeswaran, Aravind and Kumar, Vikash and Gupta, Abhishek and Schulman, John and Todorov, Emanuel and Levine, Sergey},
  journal={arXiv preprint arXiv:1709.10087},
  year={2017}
}

@techreport{bagnell2015invitation,
  title={An invitation to imitation},
  author={Bagnell, J Andrew},
  year={2015},
  institution={CARNEGIE-MELLON UNIV PITTSBURGH PA ROBOTICS INST}
}

@article{schulman2017proximal,
  title={Proximal policy optimization algorithms},
  author={Schulman, John and Wolski, Filip and Dhariwal, Prafulla and Radford, Alec and Klimov, Oleg},
  journal={arXiv preprint arXiv:1707.06347},
  year={2017}
}

@article{martin2017experimental,
  title={Experimental Evaluation of Deadbeat Running on the ATRIAS Biped},
  author={Martin, William C and Wu, Albert and Geyer, Hartmut},
  journal={IEEE Robotics and Automation Letters},
  volume={2},
  number={2},
  pages={1085--1092},
  year={2017},
  publisher={IEEE}
}
@article{hubicki2016walking,
  title={Walking and running with passive compliance: Lessons from engineering a live demonstration of the atrias biped},
  author={Hubicki, Christian and Abate, Andy and Clary, Patrick and Rezazadeh, Siavash and Jones, Mikhail and Peekema, Andrew and Van Why, Johnathan and Domres, Ryan and Wu, Albert and Martin, William and others},
  journal={IEEE Robotics and Automation Magazine},
  volume={2},
  number={4.1},
  pages={4--1},
  year={2016}
}
@inproceedings{martin2015robust,
  title={Robust spring mass model running for a physical bipedal robot},
  author={Martin, William C and Wu, Albert and Geyer, Hartmut},
  booktitle={Robotics and Automation (ICRA), 2015 IEEE International Conference on},
  pages={6307--6312},
  year={2015},
  organization={IEEE}
}

% ---------------------------------
% Literature for background.

% BO background.

@article{BOtutorial2016,
  title={{Taking the Human Out of the Loop: A Review of Bayesian Optimization}},
  author={Shahriari, Bobak and Swersky, Kevin and Wang, Ziyu and Adams, Ryan P and de Freitas, Nando},
  journal={Proceedings of the IEEE},
  volume={104},
  number={1},
  pages={148--175},
  year={2016},
  publisher={IEEE}
}

@article{BOtutorial2010,
  title={{A Tutorial on Bayesian Optimization of Expensive Cost Functions, with Application to Active User Modeling and Hierarchical Reinforcement Learning}},
  author={Brochu, Eric and Cora, Vlad M and De Freitas, Nando},
  journal={arXiv preprint arXiv:1012.2599},
  year={2010}
}

@article{srinivas2009gpucb,
  title={{Gaussian Process Optimization in the Bandit Setting: No Regret and Experimental Design}},
  author={Srinivas, Niranjan and Krause, Andreas and Kakade, Sham M and Seeger, Matthias},
  journal={arXiv preprint arXiv:0912.3995},
  year={2009}
}

@book{stein1999interpolation,
  title={{Interpolation of Spatial Data: Some Theory for Kriging}},
  author={Stein, Michael L},
  year={1999},
  publisher={Springer}
}

@book{GPsMLBook,
 author = {Rasmussen, Carl Edward and Williams, Christopher K. I.},
 title = {{Gaussian Processes for Machine Learning (Adaptive Computation and Machine Learning)}},
 year = {2005},
 isbn = {026218253X},
 publisher = {The MIT Press},
}

@article{jones1998,
  title={{Efficient Global Optimization of Expensive Black-box Functions}},
  author={Jones, Donald R and Schonlau, Matthias and Welch, William J},
  journal={Journal of Global optimization},
  volume={13},
  number={4},
  pages={455--492},
  year={1998},
  publisher={Springer}
}

@article{mockus1978ei,
  title={{Toward Global Optimization, volume 2, chapter Bayesian Methods for Seeking the Extremum}},
  author={Mockus, J and Tiesis, V and Zilinskas, A},
  year={1978}
}

@article{peng2016terrain,
  title={Terrain-adaptive locomotion skills using deep reinforcement learning},
  author={Peng, Xue Bin and Berseth, Glen and van de Panne, Michiel},
  journal={ACM Transactions on Graphics (TOG)},
  volume={35},
  number={4},
  pages={81},
  year={2016},
  publisher={ACM}
}

% RL and Behavior-based Kernels

@inproceedings{englert2016combined,
  title={{Combined Optimization and Reinforcement Learning for Manipulation Skills.}},
  author={Englert, Peter and Toussaint, Marc},
  booktitle={Robotics: Science and Systems},
  year={2016}
}

@phdthesis{calandra17thesis,
  author    = {Roberto Calandra},
  title     = {{Bayesian Modeling for Optimization and Control in Robotics}},
  school    = {Darmstadt University of Technology, Germany},
  year      = {2017},
  url       = {http://tuprints.ulb.tu-darmstadt.de/5878/},
}

@inproceedings{andersson2016model,
  title={{Model-predictive control with stochastic collision avoidance using bayesian policy optimization}},
  author={Andersson, Olov and Wzorek, Mariusz and Rudol, Piotr and Doherty, Patrick},
  booktitle={Robotics and Automation (ICRA), 2016 IEEE International Conference on},
  pages={4597--4604},
  year={2016},
  organization={IEEE}
}

@article{calandra2016bayesian,
  title={{Bayesian Optimization for Learning Gaits Under Uncertainty}},
  author={Calandra, Roberto and Seyfarth, Andr{\'e} and Peters, Jan and Deisenroth, Marc Peter},
  journal={Annals of Mathematics and Artificial Intelligence},
  volume={76},
  number={1-2},
  pages={5--23},
  year={2016},
  publisher={Springer}
}

@article{wilson2014using,
  title={{Using Trajectory Data to Improve Bayesian Optimization for Reinforcement Learning}},
  author={Wilson, Aaron and Fern, Alan and Tadepalli, Prasad},
  journal={The Journal of Machine Learning Research},
  volume={15},
  number={1},
  pages={253--282},
  year={2014},
  publisher={JMLR. org}
}

% This file was created with JabRef 2.10.
% Encoding: UTF-8
@inproceedings{lizotte2007automatic,
  title={Automatic Gait Optimization with Gaussian Process Regression.},
  author={Lizotte, Daniel J and Wang, Tao and Bowling, Michael H and Schuurmans, Dale},
  booktitle={IJCAI},
  volume={7},
  pages={944--949},
  year={2007}
}
@article{feng2015optimization,
  title={Optimization-based Full Body Control for the DARPA Robotics Challenge},
  author={Feng, Siyuan and Whitman, Eric and Xinjilefu, X and Atkeson, Christopher G},
  journal={Journal of Field Robotics},
  volume={32},
  number={2},
  pages={293--312},
  year={2015},
  publisher={Wiley Online Library}
}
@article{herzog2016momentum,
  title={Momentum control with hierarchical inverse dynamics on a torque-controlled humanoid},
  author={Herzog, Alexander and Rotella, Nicholas and Mason, Sean and Grimminger, Felix and Schaal, Stefan and Righetti, Ludovic},
  journal={Autonomous Robots},
  volume={40},
  number={3},
  pages={473--491},
  year={2016},
  publisher={Springer}
}
@article{kuindersma2016optimization,
  title={Optimization-based locomotion planning, estimation, and control design for the atlas humanoid robot},
  author={Kuindersma, Scott and Deits, Robin and Fallon, Maurice and Valenzuela, Andr{\'e}s and Dai, Hongkai and Permenter, Frank and Koolen, Twan and Marion, Pat and Tedrake, Russ},
  journal={Autonomous Robots},
  volume={40},
  number={3},
  pages={429--455},
  year={2016},
  publisher={Springer}
}
@book{raibert1986legged,
  title={Legged robots that balance},
  author={Raibert, Marc H},
  year={1986},
  publisher={MIT press}
}
@article{martin2017experimental,
  title={Experimental Evaluation of Deadbeat Running on the ATRIAS Biped},
  author={Martin, William C and Wu, Albert and Geyer, Hartmut},
  journal={IEEE Robotics and Automation Letters},
  volume={2},
  number={2},
  pages={1085--1092},
  year={2017},
  publisher={IEEE}
}
@article{marco2017virtual,
  title={Virtual vs. Real: Trading Off Simulations and Physical Experiments in Reinforcement Learning with Bayesian Optimization},
  author={Marco, Alonso and Berkenkamp, Felix and Hennig, Philipp and Schoellig, Angela P and Krause, Andreas and Schaal, Stefan and Trimpe, Sebastian},
  journal={arXiv preprint arXiv:1703.01250},
  year={2017}
}
@article{cully2015robots,
  title={Robots that can adapt like animals},
  author={Cully, Antoine and Clune, Jeff and Tarapore, Danesh and Mouret, Jean-Baptiste},
  journal={Nature},
  volume={521},
  number={7553},
  pages={503--507},
  year={2015},
  publisher={Nature Research}
}

@inproceedings{tesch,
  title={Using response surfaces and expected improvement to optimize snake robot gait parameters},
  author={Tesch, Matthew and Schneider, Jeff and Choset, Howie},
  booktitle={Intelligent Robots and Systems (IROS), 2011 IEEE/RSJ International Conference on},
  pages={1069--1074},
  year={2011},
  organization={IEEE}
}

@Article{Calandra2016,
  Title                    = {Bayesian Optimization for Learning Gaits under Uncertainty},
  Author                   = {Calandra, Roberto and Andr\'e Seyfarth and Peters, Jan and Marc P. Deisenroth},
  Journal                  = {Annals of Mathematics and Artificial Intelligence (AMAI)},
  Year                     = {2016},
  Number                   = {1},
  Pages                    = {5--23},
  Volume                   = {76},

  Doi                      = {10.1007/s10472-015-9463-9},
  ISSN                     = {1573-7470},
  Keywords                 = {Gait Optimization, Bayesian Optimization, Bipedal Locomotion, Optimization},
  Owner                    = {Roberto Calandra},
  Timestamp                = {2015.05.06}
}

@article{kirkpatrick2017overcoming,
  title={Overcoming catastrophic forgetting in neural networks},
  author={Kirkpatrick, James and Pascanu, Razvan and Rabinowitz, Neil and Veness, Joel and Desjardins, Guillaume and Rusu, Andrei A and Milan, Kieran and Quan, John and Ramalho, Tiago and Grabska-Barwinska, Agnieszka and others},
  journal={Proceedings of the National Academy of Sciences},
  pages={201611835},
  year={2017},
  publisher={National Acad Sciences}
}

@article{rusu2016sim,
  title={Sim-to-real robot learning from pixels with progressive nets},
  author={Rusu, Andrei A and Vecerik, Matej and Roth{\"o}rl, Thomas and Heess, Nicolas and Pascanu, Razvan and Hadsell, Raia},
  journal={arXiv preprint arXiv:1610.04286},
  year={2016}
}


@book{boyd2004convex,
  title={Convex optimization},
  author={Boyd, Stephen and Vandenberghe, Lieven},
  year={2004},
  publisher={Cambridge university press}
}

@article{cutler2015real,
  title={Real-world reinforcement learning via multifidelity simulators},
  author={Cutler, Mark and Walsh, Thomas J and How, Jonathan P},
  journal={IEEE Transactions on Robotics},
  volume={31},
  number={3},
  pages={655--671},
  year={2015},
  publisher={IEEE}
}

@inproceedings{song2012regulating,
  title={{Regulating Speed and Generating Large Speed Transitions in a Neuromuscular Human Walking Model}},
  author={Song, Seungmoon and Geyer, Hartmut},
  booktitle={ICRA 2012},
  pages={511--516},
  year={2012},
  organization={IEEE}
}

@article{song2015neural,
  title={{A Neural Circuitry that Emphasizes Spinal Feedback Generates Diverse Behaviours of Human Locomotion}},
  author={Song, Seungmoon and Geyer, Hartmut},
  journal={The Journal of Physiology},
  volume={593},
  number={16},
  pages={3493--3511},
  year={2015},
  publisher={Wiley Online Library}
}

@article{rai2017bayesian,
  title={{Bayesian Optimization Using Domain Knowledge on the ATRIAS Biped}},
  author={Rai, Akshara and Antonova, Rika and Song, Seungmoon and Martin, William and Geyer, Hartmut and Atkeson, Christopher G},
  booktitle={Robotics and Automation (ICRA), 2018 IEEE International Conference on},
  year={2018}
}

@inproceedings{rai2016sample,
  title={Sample efficient optimization for learning controllers for bipedal locomotion},
  author={Antonova, Rika and Rai, Akshara and Atkeson, Christopher G},
  booktitle={Humanoid Robots (Humanoids), 2016 IEEE-RAS 16th International Conference on},
  pages={22--28},
  year={2016},
  organization={IEEE}
}

@inproceedings{gardner2014bayesian,
  title={{Bayesian Optimization with Inequality Constraints.}},
  author={Gardner, Jacob R and Kusner, Matt J and Xu, Zhixiang Eddie and Weinberger, Kilian Q and Cunningham, John},
  booktitle={ICML},
  pages={937--945},
  year={2014}
}
@article{inman1953major,
  title={The major determinants in normal and pathological gait.},
  author={Inman, Verne T and Eberhart, Howard D and others},
  journal={JBJS},
  volume={35},
  number={3},
  pages={543--558},
  year={1953},
  publisher={LWW}
}


@article{geyerURLsimulator,
title = {Simulator for Neuromuscular Models for Biped Locomotion},
journal = {https://www.cs.cmu.edu/~hgeyer/Software/}
}
@article{nitishURL,
title = {{16D Simulator for Neuromuscular Models for Biped Locomotion}},
journal = {Code available from https://github.com/nthatte/Neuromuscular-Transfemoral-Prosthesis-Model}
}

@article{matlab,
title = {Simulink Simulator},
journal = {https://de.mathworks.com/help/simulink/index.html?s_tid=srchtitle}
}
@article{geyer2010muscle,
  title={{A Muscle-reflex Model that Encodes Principles of Legged Mechanics Produces Human Walking Dynamics and Muscle Activities}},
  author={Geyer, Hartmut and Herr, Hugh},
  journal={{IEEE Transactions on Neural Systems and Rehabilitation Engineering}},
  volume={18},
  number={3},
  pages={263--273},
  year={2010},
  publisher={IEEE}
}


@inproceedings{macalpine2016adaptation,
  title={Adaptation of Surrogate Tasks for Bipedal Walk Optimization},
  author={MacAlpine, Patrick and Liebman, Elad and Stone, Peter},
  booktitle={Proceedings of the 2016 on Genetic and Evolutionary Computation Conference Companion},
  pages={1275--1276},
  year={2016},
  organization={ACM}
}
@inproceedings{wu2014highly,
  title={Highly robust running of articulated bipeds in unobserved terrain},
  author={Wu, Albert and Geyer, Hartmut},
  booktitle={Intelligent Robots and Systems (IROS 2014), 2014 IEEE/RSJ International Conference on},
  pages={2558--2565},
  year={2014},
  organization={IEEE}
}



% ---------------------------------
% Literature added by Seungmoon.

@inproceedings{mordatch2015ensemble,
  title={Ensemble-CIO: Full-body dynamic motion planning that transfers to physical humanoids},
  author={Mordatch, Igor and Lowrey, Kendall and Todorov, Emanuel},
  booktitle={Intelligent Robots and Systems (IROS), 2015 IEEE/RSJ International Conference on},
  pages={5307--5314},
  year={2015},
  organization={IEEE}
}

@inproceedings{ha2015reducing,
  title={Reducing hardware experiments for model learning and policy optimization},
  author={Ha, Sehoon and Yamane, Katsu},
  booktitle={Robotics and Automation (ICRA), 2015 IEEE International Conference on},
  pages={2620--2626},
  year={2015},
  organization={IEEE}
}

@inproceedings{batts2015toward,
  title={Toward a virtual neuromuscular control for robust walking in bipedal robots},
  author={Batts, Zachary and Song, Seungmoon and Geyer, Hartmut},
  booktitle={Intelligent Robots and Systems (IROS), 2015 IEEE/RSJ International Conference on},
  pages={6318--6323},
  year={2015},
  organization={IEEE}
}

@article{antonova2017deep,
  title={Deep Kernels for Optimizing Locomotion Controllers},
  author={Antonova, Rika and Rai, Akshara and Atkeson, Christopher G},
  journal={arXiv preprint arXiv:1707.09062},
  year={2017}
}


@incollection{hansen2006cma,
  title={The CMA evolution strategy: a comparing review},
  author={Hansen, Nikolaus},
  booktitle={Towards a new evolutionary computation},
  pages={75--102},
  year={2006},
  publisher={Springer}
}

@inproceedings{van2015experimental,
  title={Experimental validation of a bio-inspired controller for dynamic walking with a humanoid robot},
  author={Van der Noot, Nicolas and Colasanto, Luca and Barrea, Allan and van den Kieboom, Jesse and Ronsse, Renaud and Ijspeert, Auke J},
  booktitle={Intelligent Robots and Systems (IROS), 2015 IEEE/RSJ International Conference on},
  pages={393--400},
  year={2015},
  organization={IEEE}
}

@inproceedings{localBO17,
  author    = {Riad Akrour and
               Dmitry Sorokin and
               Jan Peters and
               Gerhard Neumann},
  title     = {Local Bayesian Optimization of Motor Skills},
  booktitle = {Proceedings of the 34th International Conference on Machine Learning,
               {ICML} 2017, Sydney, NSW, Australia, 6-11 August 2017},
  pages     = {41--50},
  year      = {2017},
}

%% RL citations
@book{sutton1998reinforcement,
  title={Reinforcement learning: An introduction},
  author={Sutton, Richard S and Barto, Andrew G},
  volume={1},
  number={1},
  year={1998},
  publisher={MIT press Cambridge}
}
@inproceedings{atkeson2007randomly,
  title={Randomly sampling actions in dynamic programming},
  author={Atkeson, Christopher G},
  booktitle={Approximate Dynamic Programming and Reinforcement Learning, 2007. ADPRL 2007. IEEE International Symposium on},
  pages={185--192},
  year={2007},
  organization={IEEE}
}
@inproceedings{whitman2009control,
  title={Control of a walking biped using a combination of simple policies},
  author={Whitman, Eric C and Atkeson, Christopher G},
  booktitle={Humanoid Robots, 2009. Humanoids 2009. 9th IEEE-RAS International Conference on},
  pages={520--527},
  year={2009},
  organization={IEEE}
}
@book{busoniu2010reinforcement,
  title={Reinforcement learning and dynamic programming using function approximators},
  author={Busoniu, Lucian and Babuska, Robert and De Schutter, Bart and Ernst, Damien},
  volume={39},
  year={2010},
  publisher={CRC press}
}
@article{rubinstein1999cross,
  title={The cross-entropy method for combinatorial and continuous optimization},
  author={Rubinstein, Reuven},
  journal={Methodology and computing in applied probability},
  volume={1},
  number={2},
  pages={127--190},
  year={1999},
  publisher={Springer}
}
@inproceedings{bertsekas1995neuro,
  title={Neuro-dynamic programming: an overview},
  author={Bertsekas, Dimitri P and Tsitsiklis, John N},
  booktitle={Decision and Control, 1995., Proceedings of the 34th IEEE Conference on},
  volume={1},
  pages={560--564},
  year={1995},
  organization={IEEE}
}
@inproceedings{tedrake2004stochastic,
  title={Stochastic policy gradient reinforcement learning on a simple 3D biped},
  author={Tedrake, Russ and Zhang, Teresa Weirui and Seung, H Sebastian},
  booktitle={Intelligent Robots and Systems, 2004.(IROS 2004). Proceedings. 2004 IEEE/RSJ International Conference on},
  volume={3},
  pages={2849--2854},
  year={2004},
  organization={IEEE}
}
@inproceedings{morimoto2005poincare,
  title={Poincare-map-based reinforcement learning for biped walking},
  author={Morimoto, Jun and Nakanishi, Jun and Endo, Gen and Cheng, Gordon and Atkeson, Christopher G and Zeglin, Garth},
  booktitle={Robotics and Automation, 2005. ICRA 2005. Proceedings of the 2005 IEEE International Conference on},
  pages={2381--2386},
  year={2005},
  organization={IEEE}
}
@article{benbrahim1997biped,
  title={Biped dynamic walking using reinforcement learning},
  author={Benbrahim, Hamid and Franklin, Judy A},
  journal={Robotics and Autonomous Systems},
  volume={22},
  number={3-4},
  pages={283--302},
  year={1997},
  publisher={Elsevier}
}
@inproceedings{kohl2004policy,
  title={Policy gradient reinforcement learning for fast quadrupedal locomotion},
  author={Kohl, Nate and Stone, Peter},
  booktitle={Robotics and Automation, 2004. Proceedings. ICRA'04. 2004 IEEE International Conference on},
  volume={3},
  pages={2619--2624},
  year={2004},
  organization={IEEE}
}
@inproceedings{kormushev2011bipedal,
  title={Bipedal walking energy minimization by reinforcement learning with evolving policy parameterization},
  author={Kormushev, Petar and Ugurlu, Barkan and Calinon, Sylvain and Tsagarakis, Nikolaos G and Caldwell, Darwin G},
  booktitle={Intelligent Robots and Systems (IROS), 2011 IEEE/RSJ International Conference on},
  pages={318--324},
  year={2011},
  organization={IEEE}
}
@inproceedings{feng2016robust,
  title={Robust dynamic walking using online foot step optimization},
  author={Feng, Siyuan and Xinjilefu, X and Atkeson, Christopher G and Kim, Joohyung},
  booktitle={Intelligent Robots and Systems (IROS), 2016 IEEE/RSJ International Conference on},
  pages={5373--5378},
  year={2016},
  organization={IEEE}
}
@article{nakanishi2004learning,
  title={Learning from demonstration and adaptation of biped locomotion},
  author={Nakanishi, Jun and Morimoto, Jun and Endo, Gen and Cheng, Gordon and Schaal, Stefan and Kawato, Mitsuo},
  journal={Robotics and autonomous systems},
  volume={47},
  number={2},
  pages={79--91},
  year={2004},
  publisher={Elsevier}
}

@inproceedings{frean2008using,
  title={Using Gaussian processes to optimize expensive functions},
  author={Frean, Marcus and Boyle, Phillip},
  booktitle={Australasian Joint Conference on Artificial Intelligence},
  pages={258--267},
  year={2008},
  organization={Springer}
}
@inproceedings{martinez2007active,
  title={Active Policy Learning for Robot Planning and Exploration under Uncertainty.},
  author={Martinez-Cantin, Ruben and de Freitas, Nando and Doucet, Arnaud and Castellanos, Jos{\'e} A},
  booktitle={Robotics: Science and Systems},
  pages={321--328},
  year={2007}
}
@article{marco2017design,
  title={On the Design of LQR Kernels for Efficient Controller Learning},
  author={Marco, Alonso and Hennig, Philipp and Schaal, Stefan and Trimpe, Sebastian},
  journal={arXiv preprint arXiv:1709.07089},
  year={2017}
}
@article{heess2017emergence,
  title={Emergence of locomotion behaviours in rich environments},
  author={Heess, Nicolas and Sriram, Srinivasan and Lemmon, Jay and Merel, Josh and Wayne, Greg and Tassa, Yuval and Erez, Tom and Wang, Ziyu and Eslami, Ali and Riedmiller, Martin and others},
  journal={arXiv preprint arXiv:1707.02286},
  year={2017}
}
@inproceedings{levine2013guided,
  title={Guided policy search},
  author={Levine, Sergey and Koltun, Vladlen},
  booktitle={Proceedings of the 30th International Conference on Machine Learning (ICML-13)},
  pages={1--9},
  year={2013}
}
@inproceedings{levine2015learning,
  title={Learning contact-rich manipulation skills with guided policy search},
  author={Levine, Sergey and Wagener, Nolan and Abbeel, Pieter},
  booktitle={Robotics and Automation (ICRA), 2015 IEEE International Conference on},
  pages={156--163},
  year={2015},
  organization={IEEE}
}
@article{levine2016end,
  title={End-to-end training of deep visuomotor policies},
  author={Levine, Sergey and Finn, Chelsea and Darrell, Trevor and Abbeel, Pieter},
  journal={Journal of Machine Learning Research},
  volume={17},
  number={39},
  pages={1--40},
  year={2016}
}
@inproceedings{peters2006policy,
  title={Policy gradient methods for robotics},
  author={Peters, Jan and Schaal, Stefan},
  booktitle={Intelligent Robots and Systems, 2006 IEEE/RSJ International Conference on},
  pages={2219--2225},
  year={2006},
  organization={IEEE}
}
@article{meier2017online,
  title={Online Learning of a Memory for Learning Rates},
  author={Meier, Franziska and Kappler, Daniel and Schaal, Stefan},
  journal={arXiv preprint arXiv:1709.06709},
  year={2017}
}
@article{hubicki2016atrias,
  title={ATRIAS: Design and validation of a tether-free 3D-capable spring-mass bipedal robot},
  author={Hubicki, Christian and Grimes, Jesse and Jones, Mikhail and Renjewski, Daniel and Spr{\"o}witz, Alexander and Abate, Andy and Hurst, Jonathan},
  journal={The International Journal of Robotics Research},
  volume={35},
  number={12},
  pages={1497--1521},
  year={2016},
  publisher={SAGE Publications Sage UK: London, England}
}
@article{thatte,
  title={{Toward Balance Recovery with Leg Prostheses Using Neuromuscular Model Control}},
  author={Thatte, Nitish and Geyer, Hartmut},
  journal={IEEE Transactions on Biomedical Engineering},
  volume={63},
  number={5},
  pages={904--913},
  year={2016},
  publisher={IEEE}
}
@inproceedings{van2015biped,
  title={{Biped Gait Controller for Large Speed Variations, Combining Reflexes and a Central Pattern Generator in a Neuromuscular Model}},
  author={Van der Noot, Nicolas and Ijspeert, Auke J and Ronsse, Renaud},
  booktitle={ICRA 2015},
  pages={6267--6274},
  year={2015},
  organization={IEEE}
}
@inproceedings{desai,
  title={{Robust Swing Leg Placement Under Large Disturbances}},
  author={Desai, Ruta and Geyer, Hartmut},
  booktitle={ROBIO 2012},
  pages={265--270},
  year={2012},
  organization={IEEE}
}
@article{morrison1970mechanics,
  title={{The Mechanics of Muscle Function in Locomotion}},
  author={Morrison, JB},
  journal={Journal of Biomechanics},
  volume={3},
  number={4},
  pages={431--451},
  year={1970}, 
  publisher={Elsevier}
}
@inproceedings{simbicon,
  title={{Simbicon: Simple Biped Locomotion Control}},
  author={Yin, KangKang and Loken, Kevin and van de Panne, Michiel},
  booktitle={ACM Transactions on Graphics (TOG)},
  volume={26},
  number={3},
  pages={105},
  year={2007},
  organization={ACM}
}
@article{poloczek2016multi,
  title={Multi-Information Source Optimization},
  author={Poloczek, Matthias and Wang, Jialei and Frazier, Peter I},
  journal={arXiv preprint arXiv:1603.00389},
  year={2016}
}
@inproceedings{abbeel2006using,
  title={Using inaccurate models in reinforcement learning},
  author={Abbeel, Pieter and Quigley, Morgan and Ng, Andrew Y},
  booktitle={Proceedings of the 23rd international conference on Machine learning},
  pages={1--8},
  year={2006},
  organization={ACM}
}

@article{sendonaris2017learning,
  title={Learning from Demonstrations for Real World Reinforcement Learning},
  author={Sendonaris, Andrew and Dulac-Arnold, COM Gabriel},
  journal={arXiv preprint arXiv:1704.03732},
  year={2017}
}

@inproceedings{ross2010efficient,
  title={Efficient reductions for imitation learning},
  author={Ross, St{\'e}phane and Bagnell, Drew},
  booktitle={Proceedings of the thirteenth international conference on artificial intelligence and statistics},
  pages={661--668},
  year={2010}
}

@book{An:1988:MCR:47324,
 author = {An, Chae H. and Atkeson, Christopher G. and Hollerbach, John M.},
 title = {Model-based Control of a Robot Manipulator},
 year = {1988},
 isbn = {0-262-01102-6},
 publisher = {MIT Press},
 address = {Cambridge, MA, USA},
} 

@inproceedings{peng2017learning,
  title={Learning locomotion skills using deeprl: does the choice of action space matter?},
  author={Peng, Xue Bin and van de Panne, Michiel},
  booktitle={Proceedings of the ACM SIGGRAPH/Eurographics Symposium on Computer Animation},
  pages={12},
  year={2017},
  organization={ACM}
}

@inproceedings{berkenkamp2017safe,
  title={Safe model-based reinforcement learning with stability guarantees},
  author={Berkenkamp, Felix and Turchetta, Matteo and Schoellig, Angela and Krause, Andreas},
  booktitle={Advances in Neural Information Processing Systems},
  pages={908--918},
  year={2017}
}

@article{finn2017one,
  title={One-shot visual imitation learning via meta-learning},
  author={Finn, Chelsea and Yu, Tianhe and Zhang, Tianhao and Abbeel, Pieter and Levine, Sergey},
  journal={arXiv preprint arXiv:1709.04905},
  year={2017}
}